@book{bau97numlinalg,
  author = {David Bau III and Lloyd N. Trefethen},
  year = 1997,
  publisher = {
    Philadelphia: Society for Industrial and Applied Mathematics},
  title = {Numerical linear algebra},
}

@misc{bloglines,
  title = {http://www.bloglines.com/},
}

@inproceedings{brants03ned,
 author = {Thorsten Brants and Francine Chen and Ayman Farahat},
 title = {A System for new event detection},
 booktitle = {SIGIR '03: Proceedings of the 26th annual international ACM SIGIR conference on Research and development in informaion retrieval},
 year = {2003},
 isbn = {1-58113-646-3},
 pages = {330--337},
 location = {Toronto, Canada},
 doi = {http://doi.acm.org/10.1145/860435.860495},
 publisher = {ACM},
 address = {New York, NY, USA},
}

@article{chen07hot,
  author = {Kuan-Yu Chen and Luesak Luesukprasert and Seng-cho and T. Chou},
  title = {Hot {T}opic {E}xtraction {B}ased on {T}imeline {A}nalysis and {M}ultidimensional {S}entence {M}odeling},
  journal = {IEEE Transactions on Knowledge and Data Engineering},
  year = 2007,
  volume = 19,
  number = 8,
  pages = {1016--1025},
}


@article{cohen09empirical,
  author = {Trevor Cohen and Dominic Widdows},
  title = {Empirical distributional semantics: {M}ethods and biomedical applications},
  journal = {Journal of Biomedial Informatics},
  year = 2009,
  volume = 42,
  number = 2,
  pages = {390--405},
}

@incollection{fortuna09visualization,
  booktitle = {Semantic Knowledge Management},
  publisher = {Springer Berlin Heidelberg},
  doi = {10.1007/978-3-540-88845-1},
  year = {2009},
  pages = {155-169},
  editor = {John Davies and Marko Grobelnik and Dunja Mladeni\'{c}},
  author = {Bla\u{z} Fortuna and Dunja Mladeni\'{c} and and Marko Grobelnik},
  title = {Visualization of Temporal Semantic Spaces},
}

@book{firth57synopsis,
  author = {J. R. Firth},
  year = 1957,
  title = {A synopsis of linguistic theory 1930-1955},
  booktitle = {Studies in Linguistic Analysis, 1-32},
  publisher = {Oxford: Philological Society},
  note = {Reprinted in F. R. Palmer (Ed.), (1968). Selected papers of J. R. Firth 1952-1959, London: Longman.},
}

@book{harris68mathematical,
  author = {Zellig Harris},
  title = {Mathematical Structures of Language},
  year = 1968,
  publisher = {Wiley},
  address = {New York},
}

@article{jurgens09sspace,
  author = {David Jurgens and Keith Stevens},
  title = {The {S}-{S}pace {P}ackage: An Open Source Package for Semantic Spaces},
  note = {http://code.google.com/p/airhead-research/}
}

@inproceedings{kanerva00random,
  author = {P. Kanerva and J. Kristoferson and A. Holst},
  year = 2000,
  title = {Random Indexing of Text Samples for Latent Semantic Analysis},
  editor = {L. R. Gleitman and A. K. Josh},
  booktitle = {Proceedings of the 22nd Annual Conference of the Cognitive Science Society},
  pages = 1036,
}

@inproceedings{sahlgren08buzz,
    author = {Magnus Sahlgren and Jussi Karlgren},
    url = {http://eprints.sics.se/3435/01/buzzEuroISI.pdf},
    year = {2008},
    address = {Esbjerg, Denmark},
    booktitle = {Proceedings of European Conference on Intelligence and Security Informatics (EuroISI 2008)},
    title = {Buzz {M}onitoring in {W}ord {S}pace}
}

@inproceedings{kaski99dimensionality,
  author = {S. Kaski},
  title = {Dimensionality reduction by random mapping: Fast similarity computation for clustering},
  Booktitle = {Proceedings of the International Joint Conference on Neural Networks, IJCNN'98},
  year = 1999,
  pages = {413--418},
  publisher = {IEEE Service Center},
}

@techreport{kontostathis04use,
  author = {April Kontostathis and Indro De and Lars E. Holzman and William M. Pottenger},
  url = {http://webpages.ursinus.edu/akontostathis/kontostathisETD.ps},
  year = {2004},
  institution = {Lehigh University},
  title = {Use of Term Clusters for Emerging Trend Detection},
}

@misc{kroch04penn,
  author = {Anthony Kroch and Beatrice Santorini and Lauren Delfs},
  year = 2004,
  title = {Penn-Helsinki Parsed Corpus of Early Modern English},
  url = {http://www.ling.upenn.edu/hist-corpora/PPCEME-RELEASE-1/},
  note = {Available at: http://www.ling.upenn.edu/hist-corpora/PPCEME-RELEASE-1/}
}

@inproceedings{kumaran04entityevent,
 author = {Giridhar Kumaran and James Allan},
 title = {Text classification and named entities for new event detection},
 booktitle = {SIGIR '04: Proceedings of the 27th annual international ACM SIGIR conference on Research and development in information retrieval},
 year = {2004},
 isbn = {1-58113-881-4},
 pages = {297--304},
 doi = {http://doi.acm.org/10.1145/1008992.1009044},
 publisher = {ACM},
}

@article{lam01contextual,
  author = {W. Lam and H. Meng and K. L. Wong and J. Yen},
  title = {Using Contextual Analysis for News Event Detection},
  journal = {International Journal on Intelligent Systems},
  volume = {16},
  number = 44,
  pages = {525-546},
  year = {2001},
}

@article{landauer97solution,
  author = {T. K. Landauer and S. T. Dumais},
  year = 1997,
  title = {A solution to {P}lato's 
     problem: The {L}atent {S}emantic {A}nalysis theory of the 
     acquisition, induction, and representation of knowledge},
  journal = {Psychological Review},
  volume = 104, 
  pages = {211--240},
}

@incollection{littman98automatic,
  author = {Michael L. Littman and Susan T. Dumais and Thomas K. Landauer},
  title = {Automatic cross-language information retrieval using latent semantic indexing},
  booktitle = {Cross language information retrieval},
  editor = {G. Grefenstette},
  publisher = {Kluwer},
  year = 1998,
}

@inproceedigns{liu06semantic,
  author = {David Liu and Tsuhan Chen},
  title = {Semantic-Shift for Unsupervised Object Detection},
  booktitle = {Computer Vision and Pattern Recognition Workshop},
  year = {2006}
}

@article{lund96producing,
  author = {Kevin Lund and Curt Burgess},
  title = {Producing high-dimensional semantic spaces from lexical co-occrrence},
  year = 1996,
  journal = {Behavoir Research Methods, Instruments \& Computers},
  volume = 28,
  number = 2,
  pages = {203--208},
}

@article{makkonen04simple,
  author = {Juha Makkonen and Helena Ahonen-Myka and Marko Salmenkivi},
  title = {Simple {S}emantics in {T}opic {D}etection and {T}racking},
  journal = {Information Retrieval},
  year = 2004,
  volume = 7,
  pages = {347--368},
}

@article{rohde09improved,
  author = {Douglas L. T. Rohde and Laura M. Gonnerman and David C. Plaut},
  title = {An Improved Model of Semantic Similarity Based on Lexical Co-Occurrence},
  year = 2009,
  journal = {Cognitive Science},
  url = {http://www.cnbc.cmu.edu/~plaut/papers/abstracts/ RohdeGonnermanPlautSUB-CogSci.COALS.html},
  note = {submitted},
}


@InProceedings{SagiSemanticDensity,
  author    = {Sagi, Eyal  and  Kaufmann, Stefan  and  Clark, Brady},
  title     = {Semantic Density Analysis: Comparing Word Meaning across Time and Phonetic Space},
  booktitle = {Proceedings of the Workshop on Geometrical Models of Natural Language Semantics},
  month     = {March},
  year      = {2009},
  address   = {Athens, Greece},
  publisher = {Association for Computational Linguistics},
  pages     = {104--111},
  url       = {http://www.aclweb.org/anthology/W09-0214}
}

@inproceedings{pado07flexible,
  author = {Sebastian Pad\'{o} and Ulrike Pad\'{o} and Katrin Erk},
  title = {Flexible, Corpus-Based Modelling of Human Plausibility Judgements},
  booktitle = {Proceedings of the Joint Conference on Empirical Methods in Natural Language Processing and Computational
Natural Language Learning},
  year = 2007,
  pages = {400--409},
}

@inproceedings{sahlgren01vector,
  author = {Magnus Sahlgren},
  title = {Vector-Based Semantic Analysis: Representing Word Meanings Based on Random Labels},
  booktitle = {Proceedings of the ESSLLI 2001 Workshop on Semantic Knowledge Acquisition and Categorisation}, 
  address = {Helsinki, Finland},
  year = 2001,
}

@inproceedings{sahlgren02towards,
  author = {Magnus Sahlgren},
  year = {2002},
  address = {Stanford University, Palo Alto, California, USA},
  booktitle = {Proceedings of AAAI Spring Symposium 2002},
  title = {Towards a flexible model of word meaning}
}

@inproceedings{sahlgren05introduction,
  author = {Magnus Sahlgren},
  title = {An introduction to random indexing},
  year = 2005,
  booktitle = {Proceedings of the Methods and Applicatons of Semantic Indexing Workshop at the 7th International Conference on Terminology and Knowledge Engineering},	
}

@inproceedings{sahlgren06towards,
  author = {Magnus Sahlgren},
  year = 2006,
  title = {Towards pertinent evaluation methodologies for word-space models},
  booktitle = {Proceedings of the fifth international conference on Language Resources and Evaluation, LREC 2006},
  location = {Genoa, Italy},
}

@phdthesis{sahlgren06word,
  author = {Magnus Sahlgren},
  year = 2006,
  title = {The Word-Space Model: Using distributional analysis to represent syntagmatic and paradigmatic relations between words in high-dimensional vector spaces},
  school = {Stockholm University, Department of Linguistics},
  address = {Stockholm, Sweden},
}

@inproceedings{sahlgren08permutations,
  author = {M. Sahlgren and A. Holst and P. Kanerva}, 
  year = 2008,
  title = {Permutations as a Means to Encode Order in Word Space},
  booktitle = {Proceedings of the 30th Annual Meeting of the Cognitive Science Society (CogSci'08)},
  location = {Washington D.C., USA},
}

@article{salton75vector,
  author = {G. Salton and A. Wong and and C. S. Yang},
  year = 1975,
  title = {A Vector Space Model for Automatic Indexing},
  journal = {Communications of the ACM},
  volume = 18,
  number = 11, 
  pages = {613-â€“620},
}

@article{schutze97cooccurrence,
  address = {Tarrytown, NY, USA},
  author = {Sch\"{u}tze, Hinrich   and Pedersen, Jan  O. },
  journal = {Information Processing and Management},
  number = {3},
  pages = {307--318},
  publisher = {Pergamon Press, Inc.},
  title = {A cooccurrence-based thesaurus and two applications to information retrieval},
  volume = {33},
  year = {1997}
}

@inproceedings{sia08efficient,
  author = {Ka Cheung Sia and Junghoo Cho and Yun Chi and Belle L. Tseng},
  title = {Efficient Computation of Personal Aggregate Queries on Blogs},
  booktitle = {Proceedings of the ACM SIGKDD International Conference on Knowledge Discovery and Data Mining (KDD)}, 
  month = {August},
  year = 2008,
}

@techreport{vinokourov2002finding,
  author = {Vinokourov, A. and Shawe-Taylor, J. and Cristianini, N.},
  title = {Finding {L}anguage-{I}ndependent {S}emantic {R}epresentation of {T}ext
	using {K}ernel {C}anonical {C}orrelation {A}nalysis},
  institution = {Neurocolt},
  year = {2002},
  note = {NeuroCOLT Technical Report NC-TR-02-119},
}
