@article{andrews09integrating,
  author = {Mark Andrews, Gabriella Vigliocco},
  title = {Integrating Experiential and Distributional Data to Learn Semantic
    Representations},
  journal = {Psychological Review},
  volume = 116,
  issue = 3,
  pages = {463--498},
  year = 2009,
}

@inproceedings{baroni07isa,
  author = {Marco Baroni and Alessandro Lenci and Luca Onnis},
  year = 2007,
  title = {ISA meets Lara: A fully incremental word space model for cognitively plausible simulations of semantic learning},
  booktitle = {Proceedings of the 45th Meeting of the Association for Computational Linguistics},
}

@article{bullinaria07extracting,
  author = {J. A. Bullinaria and J. P. Levy},
  title = {Extracting semantic representations from word co-occurrence statistics: a computational study},
  journal = {Behavior Research Methods},
  volume = 39,
  year = 2007,
  pages = {510--526},
}

@article{burgess97modeling,
  author = {Curt Burgess and Kevin Lund},
  year = 1997,
  title = {Modeling parsing constraints with high-dimensional context space},
  journal = {Language and Cognitive Processes},
  volume = 12,
  issue = {2-3},
  pages = {177–210},
}

@article{cohen2009reflective,
  author = {Trevor Cohen and Roger Schvaneveldt and Dominic Widdows},
  title = "Reflective Random Indexing and indirect inference: A scalable method for discovery of implicit connections",
  journal = "Journal of Biomedical Informatics",
  volume =  "43",
  issue = "2",
  year = 2009,
}

@article{cohen09empirical,
  title = {Empirical Distributional Semantics: Methods and Biomedical Applications},
  author = {Trevor Cohen and Dominic Widdows},
  journal = {Journal of Biomedical Informatics},
  year = 2009,
  volumne = 42,
  number = 2,
  pages = {390--405},
}

@article{deese64associative,
  author = {J. Deese},
  year = 1964,
  title = {The associative structure of some common english adjectives},
  journal = {Journal of Verbal Learning and Verbal Behavior},
  volume = 3,
  number = 5,
  pages = {347--357},
}

@article{finkelstein02placing,
  author = {L. Finkelstein and E. Gabrilovich and Y. Matias and E. Z. S. Rivlin and G. Wolfman and E. Ruppin}, 
  year = 2002,
  title = {Placing search in context: The concept revisited},
  journal = {ACM Transactions of Information Systems},
  volume = 20,
  number = 1,
  pages = {116--131},
}

@inbook{firth57synopsis,
  author = {J. R. Firth},
  year = 1957,
  title = {A synopsis of linguistic theory 1930-1955},
  booktitle = {Studies in Linguistic Analysis, 1-32},
  publisher = {Oxford: Philological Society},
  note = {Reprinted in F. R. Palmer (Ed.), (1968). Selected papers of J. R. Firth 1952-1959, London: Longman.},
}

@inproceedings{gabrilovich07computing,
  author = {Gabrilovich, Evgeniy and Markovitch, Shaul},
  title = {Computing semantic relatedness using Wikipedia-based explicit semantic analysis},
  booktitle = {IJCAI'07: Proceedings of the 20th international joint conference on Artifical intelligence},
  year = {2007},
  pages = {1606--1611},
  location = {Hyderabad, India},
}

@article{geffet09bootstrapping,
 author = {Zhitomirsky-Geffet, Maayan and Dagan, Ido},
 title = {Bootstrapping distributional feature vector quality},
 journal = {Comput. Linguist.},
 volume = {35},
 number = {3},
 year = {2009},
 issn = {0891-2017},
 pages = {435--461},
 doi = {http://dx.doi.org/10.1162/coli.08-032-R1-06-96},
 publisher = {MIT Press},
 address = {Cambridge, MA, USA},
}

@inproceedings{grefenstette92finding,
  author = {Gregory Grefenstette}, 
  year = 1992,
  title = {Finding semantic similarity in raw text: {T}he {D}eese antonyms},
  booktitle = {Working notes of the AAAI Fall Symposium on Probabilistic Approaches to Natural Language},
  pages = {61-–65},
  publisher = {AAAI Press},
}

@book{grefenstette94explorations,
  author = {Gregory Grefenstette},
  title = {Explorations in Automatic Thesaurus Discovery},
  publisher = {Indiana University Press},
  year = 1994,
}

@book{harris68mathematical,
  author = {Zellig Harris},
  title = {Mathematical Structures of Language},
  year = 1968,
  publisher = {Wiley},
  address = {New York},
}

@inbook{harris85distributional,
  author = {Zellig Haris},
  title = {Distributional Structure},
  editor = {J. J. Katz},
  booktitle = {The Philosophy of Linguistics},
  publisher = {Oxford University Press},
  location = {New York},
  pages = {26--47},
  year = 1985,
}

@inproceedings{jarmasz03rogets,
  author = {Mario Jarmasz and Stan Szpakowicz},
  booktitle = {Conference on Recent Advances in Natural Language Processing},
  pages = {212--219},
  title = {Roget's thesaurus and semantic similarity},
  year = {2003},
}

@article{jones06high,
  author = {Michael N. Jones and Walter Kintsch and Doughlas J. K. Mewhort},
  title = {High-dimensional semantic space accounts of priming},
  journal = {Journal of Memory and Language},
  volume = 55,
  year = 2006,
  pages = {534--552},
}

@inproceedings{jurgens09event,
  author = {David Jurgens and Keith Stevens},
  title = {Event Detection in Blogs Using Temporal Random Indexing},
  booktitle = {Proceedings of RANLP 2009: Events in Emerging Text Types Workshop},
  year = 2009,
}

@inproceedings{jurgens10improving,
  author = {David Jurgens and Keith Stevens},
  title = {{HERMIT: Flexible Clustering for the SemEval-2 WSI Task}},
  booktitle = {Proceedings of the 5th International Workshop on Semantic Evaluations (SemEval-2010)},
  year = 2010,
  organization={ACL}
}

@inproceedings{kanejiya03automatic,
  author = {Dharmendra Kanejiya and Arun Kumar and Surendra Prasad},
  title = {Automatic Evaluation of Students' Answers using Syntactically Enhanced {LSA}},
  booktitle = {Proceedings of the HLT-NAACL Workshop on Building Educational Applications Using Natural Language Processing},
  year = {2003},
  pages = {53--60},
  location = {Edmonton, Canada},
}

@inproceedings{kanerva00random,
  author = {P. Kanerva and J. Kristoferson and A. Holst},
  year = 2000,
  title = {Random Indexing of Text Samples for Latent Semantic Analysis},
  editor = {L. R. Gleitman and A. K. Josh},
  booktitle = {Proceedings of the 22nd Annual Conference of the Cognitive Science Society},
  pages = 1036,
}

@article{kannan04clusterings,
 author = {Ravi Kannan and Santosh Vempala and Adrian Vetta },
 title = {On clusterings: Good, bad and spectral},
 journal = {Journal of the ACM},
 volume = {51},
 number = {3},
 year = {2004},
 pages = {497--515},
 publisher = {ACM},
 address = {New York, NY, USA},
 }

@misc{karypis02cluto,
  author = {George Karypis},
  title = {Cluto},
  year = 2002,
  misc = {\url{http://glaros.dtc.umn.edu/gkhome/views/cluto/}}
}

@article{kullback51information,
  author = {S. Kullback and R. A. Leibler},
  year = 1951,
  title = {On Information and Sufficiency},
  journal = {Annals of Mathematical Statistics},
  volume = 22,
  number = 1,
  pages = {79--86},
}

@article{landauer97solution,
  author = {Thomas K. Landauer and Susan T. Dumais},
  year = 1997,
  title = {A solution to {P}lato's 
     problem: The {L}atent {S}emantic {A}nalysis theory of the 
     acquisition, induction, and representation of knowledge},
  journal = {Psychological Review},
  volume = 104, 
  pages = {211--240},
}

@article{landauer98introduction,
  author = {T. K. Landauer and P. W. Foltz and D. Laham},
  year = 1998,
  title = {Introduction to {L}atent {S}emantic {A}nalysis},
  journal = {Discourse Processes},
  number = 25,
  pages = {259--284},
}

@article{levy98explorations,
  author = {J. Levy and J. Bullinaria and M. Patel},
  year = 1998,
  title = {Explorations in the derivation of word co-occurrence statistics},
  journal = {South Paciﬁc Journal of Psychology},
  volume = 10,
  number = 1,
  pages = {99--111},
}

@inproceedings{lin98automatic,
  author = {Dekang, Lin},
  title = {Automatic Retrieval and clustering of similar words},
  booktitle = {Proceedings of the Joint Annual Meeting of the Association for Computational Linguistics and International Conference on Computational Linguistics},
  pages = {768--774},
  year = 1998,
  location = {Montreal, Canada},
}

@inproceedings{lin98dependency,
  author = {Dekang Lin},
  year = 1998,
  title = {Dependency-based evaluation of {MINIPAR}},
  booktitle = {Proceedings of the LREC Workshop on the Evaluation of Parsing Systems},
  pages = {234--241}, 
  location = {Granada, Spain},
}

@article{lund96producing,
  author = {Kevin Lund and Curt Burgess},
  title = {Producing high-dimensional semantic spaces from lexical co-occrrence},
  year = 1996,
  journal = {Behavoir Research Methods, Instruments \& Computers},
  volume = 28,
  number = 2,
  pages = {203--208},
}

@book{macwhinney00childes,
  author = {B. MacWhinney},
  year = 2000,
  title = {The CHILDES project: Tools for analyzing talk. Third Edition},
  address = {Mahwah, NJ},
  publisher = {Lawrence Erlbaum Associates},
}

@article{pado07dependency,
  author = {Sebastian Pad\'{o} and Mirella Lapata},
  title = {Dependency-{B}ased {C}onstruction of {S}emantic {S}pace {M}odels},
  journal = {Computational Linguistics},
  volume = {33},
  number = {2},
  year = {2007},
  pages = {161--199},
  publisher = {MIT Press},
  address = {Cambridge, MA, USA},
}

@inproceedings{patel97extracting,
  author = {Malti Patel and John A. Bullinaria and Joseph P. Levy},
  title = {Extracting {S}emantic {R}epresentations from {L}arge {T}ext {C}orpora},
  booktitle = {Proceedings of the Fourth Neural Computation and Psychology Workshop},
  pages = {199-212},
  address = {London},
  publisher = {Springer-Verlag},
  year = 1997,
}

@inproceedings{purandare04discriminating,
  author = {Amruta Purandare and Ted Petersen},
  title = {Discriminating Among Word Meanings by Identifying Similar Contexts},
  booktitle = {Proceedings of the Nineteenth National Conference on Artificial Intelligence (AAAI-04)},
  year = 2004,
  pages = {964--965},
}  

@inproceedings{purandare04word,
  author = {Amruta Purandare and Ted Pedersen},
  booktitle = {HLT-NAACL 2004 Workshop: Eighth Conference on Computational Natural Language Learning (CoNLL-2004)},
  pages = {41--48},
  publisher = {Association for Computational Linguistics},
  title = {Word Sense Discrimination by Clustering Contexts in Vector and Similarity Spaces},
  year = {2004}
}

@inproceedings{rapp03word,
  author = {Reinhard Rapp},
  year = 2003,
  title = {Word sense discovery based on sense descriptor dissimilarity},
  booktitle = {Ninth Machine Translation Summit},
  address = {New Orleans},
  pages = {315--322},
}

@article{rehder98using,
  author = {B. Rehder and M. E. Schreiner and M. B. Wolfe and D. Laham and T. K. Landauer and W. Kintsch},
  year = 1998,
  title = {Using {L}atent {S}emantic {A}nalysis to assess knowledge: Some technical considerations},
  journal = {Discourse Processes},
  volume = 25, 
  pages = {337--354},
}

@article{rohde09improved,
  author = {Douglas L. T. Rohde and Laura M. Gonnerman and David C. Plaut},
  title = {An Improved Model of Semantic Similarity Based on Lexical Co-Occurrence},
  year = 2009,
  journal = {Cognitive Science},
  url = {http://www.cnbc.cmu.edu/~plaut/papers/abstracts/ RohdeGonnermanPlautSUB-CogSci.COALS.html},
  note = {sumitted},
}

@article{rubenstein65contextual,
  author = {H. Rubenstein and J. B. Goodenough},
  title = {Contextual Correlates of Synonymy},
  journal = {Communications of the ACM},
  year = 1965,
  volume = 8,
  pages = {627--633},
}

@inproceedings{sahlgren05introduction,
  author = {Magnus Sahlgren},
  title = {An introduction to random indexing},
  year = 2005,
  booktitle = {Proceedings of the Methods and Applicatons of Semantic Indexing Workshop at the 7th International Conference on Terminology and Knowledge Engineering},	
}

@inproceedings{sahlgren06towards,
  author = {Magnus Sahlgren},
  year = 2006,
  title = {Towards pertinent evaluation methodologies for word-space models},
  booktitle = {Proceedings of the fifth international conference on Language Resources and Evaluation, LREC 2006},
  location = {Genoa, Italy},
}

@phdthesis{sahlgren06word,
  author = {Magnus Sahlgren},
  year = 2006,
  title = {The Word-Space Model: Using distributional analysis to represent syntagmatic and paradigmatic relations between words in high-dimensional vector spaces},
  school = {Stockholm University, Department of Linguistics},
  address = {Stockholm, Sweden},
}

@inproceedings{sahlgren08permutations,
  author = {M. Sahlgren and A. Holst and P. Kanerva}, 
  year = 2008,
  title = {Permutations as a Means to Encode Order in Word Space},
  booktitle = {Proceedings of the 30th Annual Meeting of the Cognitive Science Society (CogSci'08)},
  location = {Washington D.C., USA},
}

@article{salton75vector,
  author = {G. Salton and A. Wong and C. S. Yang},
  year = 1975,
  title = "A Vector Space Model for Automatic Indexing",
  journal = {Communications of the ACM},
  volume = 18,
  number = 11,
  pages = {613--620},
}

@article{salton88term,
  author = {G. Salton and C. Buckley},
  year = 1988,
  title = {Term-weighting approaches in automatic text retrieval},
  journal = {Information Processing \& Management},
  volume = 24,
  numberm = 5,
  pages = {513-–523},
}

@article{schutze98automatic,
  author = {Hinrich Sch\"{u}tze},
  title = {Automatic Word Sense Discrimination},
  journal = {Computational Linguistics},
  year = {1998},
  volume = 24,
  number = 1,
  pages = {97--123},
}

@article{tibshirani00estimating,
  author = {Robert Tibshirani and Guenther Walther and Trevor Hastie},
  title = {Estimating the number of clusters in a dataset via the Gap statistic},
  journal = {Journal Royal Statistics Society B},
  year = {2000},
  volume = {63},
  pages = {411--423}
}

@inproceedings{turney01mining,
  author = {Peter D. Turney},
  year = 2001,
  title = {Mining the {W}eb for synonyms: {P}{M}{I}-{I}{R} versus {L}{S}{A} on {T}{O}{E}{F}{L}},
  booktitle = {Proceedings of the Twelfth European Conference on Machine Learning (ECML-2001)},
  location = {Freiburg, Germany},
  pages = {491--502},
} 

@article{turney10frequency,
  title={{From Frequency to Meaning: Vector Space Models of Semantics}},
  author={Peter D. Turney and Patrick Pantel},
  journal={Journal of Artificial Intelligence Research},
  volume={37},
  pages={141--188},
  year={2010}
}

@inproceedings{weeds04characterising,
  author = {Julie Weeds and David Weir and Diana McCarty},
  year = 2004,
  title = {Characterising measures of lexical distributional similarity},
  booktitle = {Proceedings of the 20th International Conference on Computational Linguistics COLING'04},
  pages = {1015--1021},
}

@inproceedings{widdows08semantic,
  author = {Dominic Widdows and Kathleen Ferraro},
  title = {Semantic Vectors: a Scalable Open Source Package and Online Technology Management Application},
  booktitle = {Proceedings of the Sixth International Language Resources and Evaluation (LREC'08)},
  year = {2008},
} 
