@inproceedings{agirre07semeval,
  author = {Eneko Agirre and Aitor Soroa},
  title = {Semeval-2007 task 02: {E}valuating word sense induction and discrimination systems},
  booktitle = {Proceedings of the Fourth International Workshop on Semantic Evaluations},
  pages = {7--12},
  location = {Prague, Czech Republic},
  month = {June},
  year = 2007,
  publisher = {A{C}{L}},
}

@inproceedings{baroni07isa,
  author = {Marco Baroni and Alessandro Lenci and Luca Onnis},
  year = 2007,
  title = {ISA meets Lara: A fully incremental word space model for cognitively plausible simulations of semantic learning},
  booktitle = {Proceedings of the 45th Meeting of the Association for Computational Linguistics},
} 

@article{baroni10strudel,
  author = {Marco Baroni and Brian Murphy and Eduard Barbu and Massimo Poesio},
  title = {Strudel: A corpus-based semantic model based on properties and types},
  journal = {Cognitive Science},
  year = {\emph{to appear}},
}

@article{baroni09wacky,
  author = {Marco Baroni and Silvia Bernardini and Adriano Ferraresi and Eros Zanchetta},
  year = 2009,
  title = {The {W}a{C}ky Wide Web: A Collection of Very Large Linguistically Processed Web-Crawled Corpora},
  journal = {Language Resources and Evaluation},
  volume = 43,
  number = 3,
  pages = {209-226},
}

@inproceedings{basile08combining,
  author = {Basile, Pierpaolo and de Gemmis, Marco and Lops, Pasquale and Semeraro, Giovanni},
  title = {Combining knowledge-based methods and supervised learning for effective Italian word sense disambiguation},
  booktitle = {STEP '08: Proceedings of the 2008 Conference on Semantics in Text Processing},
  year = {2008},
  pages = {5--16},
  location = {Venice, Italy},
  publisher = {Association for Computational Linguistics},
  address = {Morristown, NJ, USA},
}

@inproceedings{brody09bayesian,
  author = {Samuel Brody and Mirella Lapata},
  title = {Bayesian word sense induction},
  booktitle = {Proceedings of the 12th Conference of the European Chapter of the Association for Computational Linguistics},
  pages = {103--111},
  year = 2009,
}

@article{burgess97modeling,
  author = {Curt Burgess and Kevin Lund},
  year = 1997,
  title = {Modeling parsing constraints with high-dimensional context space},
  journal = {Language and Cognitive Processes},
  volume = 12,
  issue = {2-3},
  pages = {177â€“210},
}

@inproceedings{cutting92scatter,
  author = {Douglas Cutting and Jan Pedersen and David Karger and John Tukey},
  year = 1992,
  title = {Scatter/Gather: A cluster-based approach to browsing large document collections},
  booktitle = {Proceedings of the 15th Annual International ACM Conference on Research and Development in Information Retrieval (SIGIR)},
  location = {Copenhagen, Denmark},
  pages = {318-329},
}

@inproceedings{dligach08novel,
  author = {Dmitry Dligach and Martha Palmer},
  title = {Novel Semantic Features for Verb Sense Disambiguation},
  booktitle = {HLT '08: Proceedings of the 46th Annual Meeting of the Association for Computational Linguistics on Human Language Technologies},
  location = {Columbus, Ohio},
  publisher = {Association for Computational Linguistics},
  address = {Morristown, NJ, USA},
  pages = {29--32},
  year = 2008,
}

@inproceedings{erk08structured,
  address = {Honolulu, HI},
  author = {Katrin Erk and Sebastian Pad\'{o}},
  booktitle = {Proceedings of EMNLP},
  title = {A Structured Vector Space Model for Word Meaning in Context},
  year = {2008}
}

@inbook{harris85distributional,
  author = {Zellig Haris},
  title = {Distributional Structure},
  editor = {J. J. Katz},
  booktitle = {The Philosophy of Linguistics},
  publisher = {Oxford University Press},
  location = {New York},
  pages = {26--47},
  year = 1985,
}

@article{johnson84extension,
  author = {W. Johnson and J. Lindenstrauss},
  title = {Extension of {L}ipshitz mapping to {H}ilbert space},
  journal = {Contemporary Mathematics},
  year = 1984,
  volume = 26,
  pages = {189--206},
}

@article{jones06high,
  author = {Michael N. Jones and Walter Kintsch and Doughlas J. K. Mewhort},
  title = {High-dimensional semantic space accounts of priming},
  journal = {Journal of Memory and Language},
  volume = 55,
  year = 2006,
  pages = {534--552},
}

@techreport{jurgens10word,
  author = {David Jurgens and Keith Stevens},
  title = {Word Ordering with Reduced Dimensionality for Sense Induction},
  institution = {University of California, Los Angeles},
  number = {090020},
  year = 2010,
}

@inproceedings{jurgens10sspace,
  author = {David Jurgens and Keith Stevens},
  title = {{The S-Space Package: An Open Source Package for Word Space Models}},
  year = 2010,
  booktitle = {Proceedings of the ACL 2010 System
    Demonstrations},
  location = {Uppsala, Sweden, ACL},
}

@inproceedings{kanerva00random,
  author = {Pentti Kanerva and Jan Kristoferson and Anders Holst},
  year = 2000,
  title = {Random Indexing of Text Samples for Latent Semantic Analysis},
  editor = {L. R. Gleitman and A. K. Josh},
  booktitle = {Proceedings of the 22nd Annual Conference of the Cognitive Science Society},
  pages = 1036,
}

@article{landauer97solution,
  author = {Thomas K. Landauer and Susan T. Dumais},
  year = 1997,
  title = {A solution to {P}lato's 
     problem: The {L}atent {S}emantic {A}nalysis theory of the 
     acquisition, induction, and representation of knowledge},
  journal = {Psychological Review},
  volume = 104, 
  pages = {211--240},
}

@mastersthesis{neill02fully,
  author = {Daniel B. Neill},
  title = {Fully Automatic Word Sense Induction by Semantic Clustering},
  school = {Cambridge University},
  year = 2002,
}

@inproceedings{manandhar09semeval,
  author = {Suresh Manandhar and Ioannis P. Klapaftis and Dmitriy Dligach and
    Sameer S. Pradhan}, 
  title = {Sem{E}val-2010 {T}ask 14: {W}ord {S}ense {I}nduction \&
    {D}isambiguation},
  booktitle = {Proceedings of SemEval-2},
  location = {Uppsala, Sweden, ACL},
  year = 2010,
}

@article{pado07dependency,
  author = {Sebastian Pad\'{o} and Mirella Lapata},
  title = {Dependency-{B}ased {C}onstruction of {S}emantic {S}pace {M}odels},
  journal = {Computational Linguistics},
  volume = {33},
  number = {2},
  year = {2007},
  pages = {161--199},
  publisher = {MIT Press},
  address = {Cambridge, MA, USA},
}

@inproceedings{pantel02discovering,
  author = {Patrick Pantel and Dekang Lin},
  year = 2002,
  title = {Discovering Word Senses from Text},
  booktitle = {Proceedings of ACM Conference on Knowledge Discovery and Data Mining (KDD-02)},
  pages = {613--619},
}

@inproceedings{pedersen97distinguishing,
  author = {Ted Pedersen and Rebecca Bruce},
  title = {Distinguishing word senses in untagged text},
  booktitle = {Proceedings of the Second Conference on Empirical Methods in Natural Language Processing},
  year = 1997,
  pages = {197--207},
  location = {Providence, RI},
  month_ignore = {August},
}

@incollection{pedersen06unsupervised,
  author = {Ted Pedersen}, 
  title = {Unsupervised {C}orpus-{B}ased {M}ethods for {WSD}},
  editor = {E. Agirre and P. Edmonds}, 
  booktitle = {Word Sense Disambiguation: Algorithms and applications},
  publiser = {Springer},
  year = 2006,
}

@inproceedings{purandare04discriminating,
  author = {Amruta Purandare and Ted Petersen},
  title = {Discriminating Among Word Meanings by Identifying Similar Contexts},
  booktitle = {Proceedings of the Nineteenth National Conference on Artificial Intelligence (AAAI-04)},
  year = 2004,
  pages = {964--965},
}  

@inproceedings{purandare04word,
  author = {Amruta Purandare and Ted Pedersen},
  booktitle = {HLT-NAACL 2004 Workshop: Eighth Conference on Computational Natural Language Learning (CoNLL-2004)},
  pages = {41--48},
  publisher = {Association for Computational Linguistics},
  title = {Word Sense Discrimination by Clustering Contexts in Vector and Similarity Spaces},
  year = {2004}
}

@inproceedings{rapp03word,
  author = {Reinhard Rapp},
  year = 2003,
  title = {Word sense discovery based on sense descriptor dissimilarity},
  booktitle = {Ninth Machine Translation Summit},
  address = {New Orleans},
  pages = {315--322},
}

@inproceedings{rosenberg07vmeasure,
  author = {Andrew Rosenberg and Julia Hirschberg},
  title = {{V-Measure: A Conditional Entropy-Based External Cluster Evaluation Measure}},
  booktitle = {Proceedings of the 2007 Joint Conference on Empirical Methods in Natural Language Processing and Computational Natural Language Learning (EMNLP-CoNLL)},
  location = {Prague, Czech Republic},
  month_ignore = {June},
  year = 2007,
  publisher = {A{C}{L}},
} 

@inproceedings{sahlgren01vector,
  author = {Magnus Sahlgren},
  title = {{Vector-Based Semantic Analysis: Representing Word Meanings Based on Random Labels}},
  booktitle = {Proceedings of the ESSLLI 2001 Workshop on Semantic Knowledge Acquisition and Categorisation}, 
  address = {Helsinki, Finland},
  year = 2001,
}

@inproceedings{sahlgren08permutations,
  author = {Magnus Sahlgren and Anders Holst and Pentti Kanerva}, 
  year = 2008,
  title = {Permutations as a Means to Encode Order in Word Space},
  booktitle = {Proceedings of the 30th Annual Meeting of the Cognitive Science Society (CogSci'08)},
  location = {Washington D.C., USA},
}

@article{schulte06experiments,
  title = {{Experiments on the Automatic Induction of German Semantic Verb Classes}},
  author = {Schulte im Walde, Sabine},
  journal = {Computational Linguistics},
  year = {2006},
  volume = 32,
  number = 2,
}

@inbook{schutze92context,
  author = {Hinrich Sch\"{u}tze},
  title = {{Context Space}},
  booktitle = {Working Notes of the AAAI Fall Symposium on Probabilistic Approaches to Natural Language},
  editor = {Robert Goldman and Peter Norvig and Eugene Charniak and Bill Gale},
  year = {1992},
  publisher = {AAAI Press},
  address = {Menlo Park, CA},
  pages = {113--120},
}

@article{schutze98automatic,
  author = {Hinrich Sch\"{u}tze},
  title = {Automatic Word Sense Discrimination},
  journal = {Computational Linguistics},
  year = {1998},
  volume = 24,
  number = 1,
  pages = {97--123},
}

@article{zhang05improving,
  journal = {Neural Processing Letters},
  title = {Improving the Robustness of â€˜Online Agglomerative Clustering Methodâ€™ Based on Kernel-Induce Distance Measures},
  volume = 21,
  issue = 1,
  pages = {45 -- 51},
  year = 2005,
  author = {Daoqiang Zhang and Songcan Chen and Keren Tan},
}

@inproceedings{zhao02clustering,
 author = {Zhao, Ying and Karypis, George},
 title = {Evaluation of hierarchical clustering algorithms for document datasets},
 booktitle = {CIKM '02: Proceedings of the eleventh international conference on Information and knowledge management},
 year = {2002},
 isbn = {1-58113-492-4},
 pages = {515--524},
 location = {McLean, Virginia, USA},
 doi = {http://doi.acm.org/10.1145/584792.584877},
 publisher = {ACM},
 address = {New York, NY, USA},
}

@article{zhao05hierarchical,
  author = {Ying Zhao and George Karypis},
  year = 2005,
  title = {Hierarchical clustering algorithms for document datasets},
  journal = {Data Mining and Knowledge Discovery},
  volume = 10,
  number = 2,
  pages = {141â€“-168},
}
