@inproceedings{wallach2009evaluation,
  author={Hanna Wallach and Iain Murray and Ruslan Salakhutdinov and David Mimno},
  title={Evaluation Methods for Topic Models},
  booktitle={Proceedings of the 26th International Conference on Machine Learning (ICML)},
  publisher={Omnipress},
  year={2009}
}

@article{baroni09wacky,
  author = {Marco Baroni and Silvia Bernardini and Adriano Ferraresi and Eros Zanchetta},
  year = 2009,
  title = {The {W}a{C}ky Wide Web: A Collection of Very Large Linguistically Processed Web-Crawled Corpora},
  journal = {Language Resources and Evaluation},
  volume = 43,
  number = 3,
  pages = {209-226},
}

@inproceedings{chang2009tealeaves,
author = {Jonathan Chang and Jordan Boyd-Graber and Chong Wang and Sean Gerrish and David M. Blei},
title = {Reading Tea Leaves: How Humans Interpret Topic Models},
booktitle = {Neural Information Processing Systems},
year = {2009},
publisher = {MIT Press}
}

@inproceedings{andrzejewski11ldaIR,
 author = {Andrzejewski, David and Buttler, David},
 title = {Latent topic feedback for information retrieval},
 booktitle = {Proceedings of the 17th ACM SIGKDD international conference on Knowledge discovery and data mining},
 series = {KDD '11},
 year = {2011},
 isbn = {978-1-4503-0813-7},
 location = {San Diego, California, USA},
 pages = {600--608},
 numpages = {9},
 url = {http://doi.acm.org/10.1145/2020408.2020503},
 doi = {http://doi.acm.org/10.1145/2020408.2020503},
 acmid = {2020503},
 publisher = {ACM},
 address = {New York, NY, USA},
 keywords = {latent topic models, user feedback},
} 


@misc{nytcorpus,
author = "Evan Sandhaus",
year = 2008,
title = "{The New York Times Annotated Corpus}",
publisher = {Linguistic Data Consortium},
address = {Philadelphia},
}


@article{blei03lda,
 author = {Blei, David M. and Ng, Andrew Y. and Jordan, Michael I.},
 title = {Latent dirichlet allocation},
 journal = {J. Mach. Learn. Res.},
 issue_date = {3/1/2003},
 volume = {3},
 month = mar,
 year = {2003},
 issn = {1532-4435},
 pages = {993--1022},
 numpages = {30},
 url = {http://dl.acm.org/citation.cfm?id=944919.944937},
 acmid = {944937},
 publisher = {JMLR.org},
} 

@inproceedings{brody09ldawsi,
 author = {Brody, Samuel and Lapata, Mirella},
 title = {Bayesian word sense induction},
 booktitle = {Proceedings of the 12th Conference of the European Chapter of the Association for Computational Linguistics},
 series = {EACL '09},
 year = {2009},
 location = {Athens, Greece},
 pages = {103--111},
 numpages = {9},
 url = {http://dl.acm.org/citation.cfm?id=1609067.1609078},
 acmid = {1609078},
 publisher = {Association for Computational Linguistics},
 address = {Stroudsburg, PA, USA},
} 

@article{ding08nmfPlsa,
 author = {Ding, Chris and Li, Tao and Peng, Wei},
 title = {On the equivalence between Non-negative Matrix Factorization and Probabilistic Latent Semantic Indexing},
 journal = {Comput. Stat. Data Anal.},
 volume = {52},
 issue = {8},
 month = {April},
 year = {2008},
 issn = {0167-9473},
 pages = {3913--3927},
 numpages = {15},
 url = {http://dl.acm.org/citation.cfm?id=1360723.1360997},
 doi = {10.1016/j.csda.2008.01.011},
 acmid = {1360997},
 publisher = {Elsevier Science Publishers B. V.},
 address = {Amsterdam, The Netherlands, The Netherlands},
}         

@article{finkelstein02relatedness,
 author = {Lev Finkelstein and Evgeniy Gabrilovich and Yossi Matias and Ehud Rivlin and Zach Solan and Gadi Wolfman and Eytan Ruppin},
 title = {Placing search in context: the concept revisited},
 journal = {ACM Trans. Inf. Syst.},
 volume = {20},
 issue = {1},
 month = {January},
 year = {2002},
 issn = {1046-8188},
 pages = {116--131},
 numpages = {16},
 url = {http://doi.acm.org/10.1145/503104.503110},
 doi = {http://doi.acm.org/10.1145/503104.503110},
 acmid = {503110},
 publisher = {ACM},
 address = {New York, NY, USA},
 keywords = {Search, context, invisible web, semantic processing, statistical natural language processing},
 key = {{$\!\!$}},
} 

@article{griffiths_steyvers04,
  author = {Griffiths, T. L. and Steyvers, M.},
  interhash = {387a5060792d52ea73b02dd68e52559e},
  intrahash = {49705b433fcb5b87c0a3a140c40f9a4d},
  journal = {Proceedings of the National Academy of Sciences},
  number = {Suppl. 1},
  pages = {5228-5235},
  title = {Finding scientific topics},
  volume = 101,
  year = 2004,
  timestamp = {2009-10-23T15:54:51.000+0200},
  keywords = {gibbs lda models sampling topic},
  added-at = {2009-10-23T15:54:51.000+0200},
  owner = {heinrich},
  biburl = {http://www.bibsonomy.org/bibtex/249705b433fcb5b87c0a3a140c40f9a4d/folke},
  month = {April}
}

@inproceedings{jurgens10sspace,
 author = {Jurgens, David and Stevens, Keith},
 title = {The S-Space package: an open source package for word space models},
 booktitle = {Proceedings of the ACL 2010 System Demonstrations},
 series = {ACLDemos '10},
 year = {2010},
 location = {Uppsala, Sweden},
 pages = {30--35},
 numpages = {6},
 url = {http://dl.acm.org/citation.cfm?id=1858933.1858939},
 acmid = {1858939},
 publisher = {Association for Computational Linguistics},
 address = {Stroudsburg, PA, USA},
} 

@article{landauer97solution,
 author = {Thomas K Landauer and Susan T. Dutnais},
 title = {A solution to Platoâ€™s problem: The latent semantic analysis theory of acquisition, induction, and representation of knowledge},
 journal = {Psychological review},
 year = {1997},
 pages = {211--240}
}

@article{landauer98lsa,
 author = {Landauer, Thomas K. and Foltz, Peter W. and Laham, Darrell},
 citeulike-article-id = {2243850},
 journal = {Discourse Processes},
 keywords = {lsa},
 number = {25},
 pages = {259--284},
 posted-at = {2008-01-17 09:01:05},
 priority = {2},
 title = {{An Introduction to Latent Semantic Analysis}},
 year = {1998}
}

@INPROCEEDINGS{Lee00algorithmsfor,
    author = {Daniel D. Lee and H. Sebastian Seung},
    title = {Algorithms for Non-negative Matrix Factorization},
    booktitle = {In NIPS},
    year = {2000},
    pages = {556--562},
    publisher = {MIT Press}
}
   
@inproceedings{mimno11umass,
  author= {David Mimno and Hanna Wallach and Edmund Talley and Miriam Leenders and Andrew McCallum},
  title = {Optimizing Semantic Coherence in Topic Models},
  booktitle = {Proceedings of the 2011 Conference on Emperical Methods in Natural Language Processing},
  year = {2011},
  pages = {262--272},
  publisher = {Association of Computational Linguistics},
  address = {Edinburgh, Scotland, UK},
}

@inproceedings{newman10uci,
 author = {Newman, David and Noh, Youn and Talley, Edmund and Karimi, Sarvnaz and Baldwin, Timothy},
 title = {Evaluating topic models for digital libraries},
 booktitle = {Proceedings of the 10th annual joint conference on Digital libraries},
 series = {JCDL '10},
 year = {2010},
 isbn = {978-1-4503-0085-8},
 location = {Gold Coast, Queensland, Australia},
 pages = {215--224},
 numpages = {10},
 url = {http://doi.acm.org/10.1145/1816123.1816156},
 doi = {http://doi.acm.org/10.1145/1816123.1816156},
 acmid = {1816156},
 publisher = {ACM},
 address = {New York, NY, USA},
 keywords = {evaluation, topic models, topic quality, user studies},
} 

@inbook{pauca04nmfIR, 
  title={Text mining using nonnegative matrix factorizations}, 
  volume={54},
  booktitle={Proc SIAM Inter Conf on Data Mining Orlando FL},
  publisher={SIAM},
  author={Pauca, V Paul and Shahnaz, Farial and Berry, Michael W and Plemmons, Robert J},
  year={2004},
  pages={452--456},
}

@article{rubenstein65wordsim,
 author = {Rubenstein, Herbert and Goodenough, John B.},
 title = {Contextual correlates of synonymy},
 journal = {Commun. ACM},
 issue_date = {Oct. 1965},
 volume = {8},
 issue = {10},
 month = {October},
 year = {1965},
 issn = {0001-0782},
 pages = {627--633},
 numpages = {7},
 url = {http://doi.acm.org/10.1145/365628.365657},
 doi = {http://doi.acm.org/10.1145/365628.365657},
 acmid = {365657},
 publisher = {ACM},
 address = {New York, NY, USA},
} 

@inproceedings{vandeCruys11latentWsi,    
 author = {Van de Cruys, Tim and Apidianaki, Marianna},
 title = {Latent semantic word sense induction and disambiguation},
 booktitle = {Proceedings of the 49th Annual Meeting of the Association for Computational Linguistics: Human Language Technologies - Volume 1},
 series = {HLT '11},
 year = {2011},
 isbn = {978-1-932432-87-9},
 location = {Portland, Oregon},
 pages = {1476--1485},
 numpages = {10},
 url = {http://dl.acm.org/citation.cfm?id=2002472.2002652},
 acmid = {2002652},
 publisher = {Association for Computational Linguistics},
 address = {Stroudsburg, PA, USA},
} 

@Article{banfield07compareensemble,
  author =       {Robert E.~Banfield and Lawrence O.~Hall and Kevin
                  W.~Bowyer and W.~Philip Kegelmeyer },
  title =        {A comparison of decision tree ensemble creation techniques},
  journal =      {IEEE Transactions on Pattern Analysis and Machine
                  Intelligence},
  year =         2007,
  volume =       29,
  number =       1,
  pages =        {173--180},
  month =        {January}
}

@article{gerrish09tealeaves, 
    title={Reading Tea Leaves : How Humans Interpret Topic Models}, 
    volume={31},
    url={http://citeseerx.ist.psu.edu/viewdoc/download?doi=10.1.1.154.992&rep=rep1&type=pdf},
    journal={New York}, 
    publisher={Citeseer}, 
    author={Chang, Jonathan and Gerrish, Sean and Wang, Chong and Blei, David M}, 
    editor={Bengio, Y and Schuurmans, D and Lafferty, J and Williams, C K I and Culotta, AEditors}, 
    year={2009},
    pages={1--9}
}

@inproceedings{Caruana06miningcitizen,
 author = {Caruana, Rich and Elhawary, Mohamed and Munson, Art and Riedewald, Mirek and Sorokina, Daria and Fink, Daniel and Hochachka, Wesley M. and Kelling, Steve},
 title = {Mining citizen science data to predict orevalence of wild bird species},
 booktitle = {Proceedings of the 12th ACM SIGKDD international conference on Knowledge discovery and data mining},
 series = {KDD '06},
 year = {2006},
 isbn = {1-59593-339-5},
 location = {Philadelphia, PA, USA},
 pages = {909--915},
 numpages = {7},
 url = {http://doi.acm.org/10.1145/1150402.1150527},
 doi = {http://doi.acm.org/10.1145/1150402.1150527},
 acmid = {1150527},
 publisher = {ACM},
 address = {New York, NY, USA},
 keywords = {attribute importance, bagging, decision trees, model inspection, partial dependence function, sensitivity analysis},
}
