@inproceedings{agirre07semeval,
  author = {Eneko Agirre and Aitor Soroa},
  title = {Semeval-2007 task 02: {E}valuating word sense induction and discrimination systems},
  booktitle = {Proceedings of the Fourth International Workshop on Semantic Evaluations},
  pages = {7--12},
  location = {Prague, Czech Republic},
  month = {June},
  year = 2007,
  publisher = {A{C}{L}},
}

@inproceedings{artilse09role,
  author = {Javier Artiles and Enrique Amig\'{o} and Julio Gonzalo},
  year = 2009,
  title = {The role of named entities in web people search},
  booktitle = {Proceedings of EMNLP},
  pages = {534--542},
  publisher = {ACL},
}

@inproceedings{arthur07KMeansPlusPlus,
 author = {Arthur, David and Vassilvitskii, Sergei},
 title = {k-means++: the advantages of careful seeding},
 booktitle = {Proceedings of the eighteenth annual ACM-SIAM symposium on Discrete algorithms},
 series = {SODA '07},
 year = {2007},
 isbn = {978-0-898716-24-5},
 location = {New Orleans, Louisiana},
 pages = {1027--1035},
 numpages = {9},
 url = {http://portal.acm.org/citation.cfm?id=1283383.1283494},
 acmid = {1283494},
 publisher = {Society for Industrial and Applied Mathematics},
 address = {Philadelphia, PA, USA},
} 

@inproceedings{baroni07isa,
  author = {Marco Baroni and Alessandro Lenci and Luca Onnis},
  year = 2007,
  title = {ISA meets Lara: A fully incremental word space model for cognitively plausible simulations of semantic learning},
  booktitle = {Proceedings of the 45th Meeting of the Association for Computational Linguistics},
} 

@article{baroni10strudel,
  author = {Marco Baroni and Brian Murphy and Eduard Barbu and Massimo Poesio},
  title = {Strudel: A corpus-based semantic model based on properties and types},
  journal = {Cognitive Science},
  volume={34},
  number={2},
  pages={222--254},
  issn={1551-6709},
  year={2010},
}

@article{baroni09wacky,
  author = {Marco Baroni and Silvia Bernardini and Adriano Ferraresi and Eros Zanchetta},
  year = 2009,
  title = {The {W}a{C}ky Wide Web: A Collection of Very Large Linguistically Processed Web-Crawled Corpora},
  journal = {Language Resources and Evaluation},
  volume = 43,
  number = 3,
  pages = {209-226},
}

@inproceedings{basile08combining,
  author = {Pierpaolo Basile and Marco de Gemmis and Pasquale Lops and Giovanni Semeraro},
  title = {Combining knowledge-based methods and supervised learning for effective Italian word sense disambiguation},
  booktitle = {STEP '08: Proceedings of the 2008 Conference on Semantics in Text Processing},
  year = {2008},
  pages = {5--16},
  location = {Venice, Italy},
  publisher = {Association for Computational Linguistics},
  address = {Morristown, NJ, USA},
}

@article{blei03latent,
  title={{Latent dirichlet allocation}},
  author={David M. Blei and Andrew Y. Ng and Michael I. Jordan},
  journal={The Journal of Machine Learning Research},
  volume={3},
  pages={993--1022},
  issn={1532-4435},
  year={2003},
}

@inproceedings{bordag06word,
  author = {Stefan Bordag},
  year = 2006,
  title = {{Word sense induction: Triplet-based clustering and automatic evaluation}},
  booktitle = {{Proceedings of the 11th EACL}},
  location = {Trento, Italy},
  pages = {137--144},
}

@inproceedings{braverman11streaming,
  author = {Vladimir Braverman and Adam Meyerson and Rafail Ostrovsky and Alan Roytman and Michael Shindler and Brian Tagiku},
  title = {{Streaming k-means on Well-Clusterable Data}},
  booktitle = {Proceedings of SODA 2011},
  year = 2011,
}

@inproceedings{brody09bayesian,
  author = {Samuel Brody and Mirella Lapata},
  title = {Bayesian word sense induction},
  booktitle = {Proceedings of the 12th Conference of the European Chapter of the Association for Computational Linguistics},
  pages = {103--111},
  year = 2009,
}
 
@article{budanitsky06evaluating,
  title={Evaluating WordNet-based measures of semantic distance},
  author={Budanitsky, Alexander and Hirst, Graeme},
  journal={Computational Linguistics},
  volume={32},
  number=1,
  year={2006},
  month={March},
  pages={13--47},
}

@article{burgess97modeling,
  author = {Curt Burgess and Kevin Lund},
  year = 1997,
  title = {Modeling parsing constraints with high-dimensional context space},
  journal = {Language and Cognitive Processes},
  volume = 12,
  issue = {2-3},
  pages = {177â€“210},
}

@inproceedings{chambers10improving,
  author = {Nathanael Chambers and Dan Jurafsky},
  title = {{Improving the Use of Pseudo-Words for Evaluating Selectional Preferences}},
  booktitle = {ACL 2010},
  location = {Uppsala, Sweden},
  year = 2010,
}

@article{cheng06divide,
  title={{A divide-and-merge methodology for clustering}},
  author={David Cheng and Ravi Kannan and Santosh Vempala and Grant Wang},
  journal={ACM Transactions on Database Systems (TODS)},
  volume={31},
  number={4},
  pages={1499--1525},
  issn={0362-5915},
  year={2006},
  publisher={ACM}
}

@inproceedings{chugur02polysemy,
 author = {Chugur, Irina and Gonzalo, Julio and Verdejo, Felisa},
 title = {Polysemy and sense proximity in the Senseval-2 test suite},
 booktitle = {Proceedings of the ACL-02 workshop on Word sense disambiguation: recent successes and future directions - Volume 8},
 series = {WSD '02},
 year = {2002},
 pages = {32--39},
 publisher = {Association for Computational Linguistics},
 address = {Stroudsburg, PA, USA},
} 

@article{clark02class,
  title={Class-based probability estimation using a semantic hierarchy},
  author={Stephen Clark and David Weir},
  journal={Computational Linguistics},
  volume={28},
  number={2},
  pages={187--206},
  year={2002},
  publisher={MIT Press}
}

@inproceedings{connor10starting,
  author = {M. Connor, Y. Gertner, C. Fisher and D. Roth},
  title = {Starting from Scratch in Semantic Role Labeling},
  booktitle = {Proceedings of the Annual Meeting of the Association of Computational Linguistics (ACL)},
  year = 2010,
}

@inproceedings{cutting92scatter,
  author = {Douglas Cutting and Jan Pedersen and David Karger and John Tukey},
  year = 1992,
  title = {Scatter/Gather: A cluster-based approach to browsing large document collections},
  booktitle = {Proceedings of the 15th Annual International ACM Conference on Research and Development in Information Retrieval (SIGIR)},
  location = {Copenhagen, Denmark},
  pages = {318-329},
}

@inproceedings{dinu10measuring,
  title={{Measuring distributional similarity in context}},
  author={Georgiana Dinu and Mirella Lapata},
  booktitle={Proceedings of the 2010 Conference on Empirical Methods in Natural Language Processing},
  pages={1162--1172},
  year={2010},
  organization={Association for Computational Linguistics}
}

@inproceedings{dorow03discovering,
  author = {Beate Dorow and Dominic Widdows},
  year = 2003,
  title = {Discovering corpus-specific word senses},
  booktitle = {Proceedings of the 10th EACL},
  location = {Budapest, Hungary},
  pages = {79--82},
}

@inproceedings{dligach08novel,
  author = {Dmitry Dligach and Martha Palmer},
  title = {Novel Semantic Features for Verb Sense Disambiguation},
  booktitle = {HLT '08: Proceedings of the 46th Annual Meeting of the Association for Computational Linguistics on Human Language Technologies},
  location = {Columbus, Ohio},
  publisher = {Association for Computational Linguistics},
  address = {Morristown, NJ, USA},
  pages = {29--32},
  year = 2008,
}

@inproceedings{elshamy10ksu,
  title={{KSU KDD: Word sense induction by clustering in topic space}},
  author={Wesam Elshamy and Doina Caragea and William H. Hsu},
  booktitle={Proceedings of the 5th International Workshop on Semantic Evaluation},
  pages={367--370},
  year={2010},
  organization={Association for Computational Linguistics}
}

@inproceedings{erk08structured,
  address = {Honolulu, HI},
  author = {Katrin Erk and Sebastian Pad\'{o}},
  booktitle = {Proceedings of EMNLP},
  title = {A Structured Vector Space Model for Word Meaning in Context},
  year = {2008}
}

@conference{erk09investigations,
  title={{Investigations on word senses and word usages}},
  author={Katrin Erk and Diana McCarthy and Nicholas Gaylord},
  booktitle={Proceedings of the Joint Conference of the 47th Annual Meeting of the ACL and the 4th International Joint Conference on Natural Language Processing of the AFNLP: Volume 1},
  pages={10--18},
  year={2009},
  organization={Association for Computational Linguistics}
}

@conference{erk09graded,
  title={{Graded word sense assignment}},
  author={Katrin Erk and Diana McCarthy},
  booktitle={Proceedings of the 2009 Conference on Empirical Methods in Natural Language Processing: Volume 1},
  pages={440--449},
  year={2009},
  organization={Association for Computational Linguistics}
}

@article{erk10word,
  title={{What Is Word Meaning, Really?(And How Can Distributional Models Help Us Describe It?)}},
  author={Katrin Erk},
  journal={ACL 2010},
  pages={17},
  year={2010}
}

@book{fellbaum98electronic,
  editor = {Christine Fellbaum},
  title = {WordNet: An Electronic Lexical Database},
  publisher = {The MIT Press},
  year = 1998,
}

@inproceedings{ferret04discovering,
  title={{Discovering word senses from a network of lexical cooccurrences}},
  author={Olivier Ferret},
  booktitle={COLING '04 Proceedings of the 20th international conference on Computational Linguistics},
  year={2004},
  organization={Association for Computational Linguistics}
}

@inproceedings{gale92work,
  author = {William A. Gale and Kenneth W. Church and David Yarowsky},
  year = 1992,
  title = {Work on statistical methods for word sense disambiguation},
  booktitle = {{AAAI Fall Symposium on Probabilistic Approaches to Natural Language}},
  pages = {54--60},
}

@inproceedings{gauch93experiments,
  author = {Susan Gauch and Robert P. Futrelle},
  year =  1993,
  title = {Experiments in automatic word class and word sense identification for information retrieval},
  booktitle = {Proceedings of the 3rd Annual Symposium on Document Analysis and Information Retrieval},
  location = {Las Vegas, NV},
  pages = {425--434},
}

@inbook{harris85distributional,
  author = {Zellig Haris},
  title = {Distributional Structure},
  editor = {J. J. Katz},
  booktitle = {The Philosophy of Linguistics},
  publisher = {Oxford University Press},
  location = {New York},
  pages = {26--47},
  year = 1985,
}

@inproceedings{he10applying,
  author = {Zhengyan He and Yang Song and Houfeng Wang},
  title = {{Applying Spectral Clustering for Chinese Word Sense Induction}},
  year = {2010},
  booktitle = {Proceedings of the CIPS-SIGHAN Joint Conference on Chinese Language Processing},
}

@conference{hovy06ontonotes,
  title={{OntoNotes: the 90\% solution}},
  author={Eduard Hovy and Mitchell Marcus and Martha Palmer and Lance Ramshaw and Ralph Weischedel},
  booktitle={Proceedings of the Human Language Technology Conference of the NAACL},
  pages={57--60},
  year={2006},
  organization={Association for Computational Linguistics}
}

@conference{jiang97semantic,
  title={{Semantic Similarity Based on Corpus Statistics and Lexical Taxonomy}},
  author={Jay J. Jiang and David W. Conrath},
  booktitle={Proceedings of International Conference on Research in Computational Linguistics,},
  year={1997},
  location={Taiwan},
}

@article{johnson84extension,
  author = {W. Johnson and J. Lindenstrauss},
  title = {Extension of {L}ipshitz mapping to {H}ilbert space},
  journal = {Contemporary Mathematics},
  year = 1984,
  volume = 26,
  pages = {189--206},
}

@article{jones06high,
  author = {Michael N. Jones and Walter Kintsch and Doughlas J. K. Mewhort},
  title = {High-dimensional semantic space accounts of priming},
  journal = {Journal of Memory and Language},
  volume = 55,
  year = 2006,
  pages = {534--552},
}

@inproceedings{jurgens10hermit,
  author = {David Jurgens and Keith Stevens},
  title = {{HERMIT: Using word ordering applied to the Sense Induction task of SemEval-2}},
  year = 2010,
  booktitle={Proceedings of the 5th International Workshop on Semantic Evaluations},
  organization={Association for Computational Linguistics}
}

@inproceedings{jurgens10sspace,
  author = {David Jurgens and Keith Stevens},
  title = {{The S-Space Package: An Open Source Package for Word Space Models}},
  year = 2010,
  booktitle = {Proceedings of the ACL 2010 System
    Demonstrations},
  location = {Uppsala, Sweden, ACL},
}

@inproceedings{kanerva00random,
  author = {Pentti Kanerva and Jan Kristoferson and Anders Holst},
  year = 2000,
  title = {Random Indexing of Text Samples for Latent Semantic Analysis},
  editor = {L. R. Gleitman and A. K. Josh},
  booktitle = {Proceedings of the 22nd Annual Conference of the Cognitive Science Society},
  pages = 1036,
}

@article{kannan04clusterings,
  title={{On clusterings: Good, bad and spectral}},
  author={Ravi Kannan and Santosh Vempala and Adrian Vetta},
  journal={Journal of the ACM (JACM)},
  volume={51},
  number={3},
  pages={497--515},
  issn={0004-5411},
  year={2004},
  publisher={ACM}
}

@misc{karypis02cluto,
  author = {George Karypis},
  title = {Cluto - a clustering toolkit},
  year = 2002,
  note = {\url{http://glaros.dtc.umn.edu/gkhome/views/cluto/}}
}

@conference{kern10kcdc,
  title={{KCDC: Word sense induction by using grammatical dependencies and sentence phrase structure}},
  author={Roman Kern and Markus Muhr and Michael Granitzer},
  booktitle={Proceedings of the 5th International Workshop on Semantic Evaluation},
  pages={351--354},
  year={2010},
  organization={Association for Computational Linguistics}
}

@inproceedings{klapaftis08word,
  title={{Word sense induction using graphs of collocations}},
  author={Ioannis P. Klapaftis and Suresh Manandhar},
  booktitle={Proceeding of the 2008 conference on ECAI 2008: 18th European Conference on Artificial Intelligence},
  pages={298--302},
  year={2008},
}

@inproceedings{klapaftis10taxonomy,
 author = {Klapaftis, Ioannis P. and Manandhar, Suresh},
 title = {Taxonomy learning using word sense induction},
 booktitle = {Human Language Technologies: The 2010 Annual Conference of the North American Chapter of the Association for Computational Linguistics},
 series = {HLT '10},
 year = {2010},
 isbn = {1-932432-65-5},
 location = {Los Angeles, California},
 pages = {82--90},
 numpages = {9},
 acmid = {1858009},
 publisher = {Association for Computational Linguistics},
 address = {Morristown, NJ, USA},
}

@article{landauer97solution,
  author = {Thomas K. Landauer and Susan T. Dumais},
  year = 1997,
  title = {A solution to {P}lato's 
     problem: The {L}atent {S}emantic {A}nalysis theory of the 
     acquisition, induction, and representation of knowledge},
  journal = {Psychological Review},
  volume = 104, 
  pages = {211--240},
}

@inproceedings{lin98automatic,
  author = {Dekang Lin},
  title = {Automatic {R}etrieval and {C}lustering of {S}imilar {W}ords},
  booktitle = {Proceedings of the Joint Annual Meeting of the Association for Computational Linguistics and International Conference on Computational Linguistics},
  pages = {768--774},
  year = 1998,
  location = {Montreal, Canada},
}

@inproceedings{lin98dependency,
  author = {Dekang Lin},
  year = 1998,
  title = {Dependency-based evaluation of {MINIPAR}},
  booktitle = {Proceedings of the LREC Workshop on the Evaluation of Parsing Systems},
  pages = {234--241}, 
  location = {Granada, Spain},
}

@inproceedings{lin01dirt,
  author = {Dekand Lin and Patrick Pantel},
  title = {{DIRT -- discovery of inference rules from text}},
  booktitle = {Proceedings of ACM SIGKDD Conference on Knowledge Discovery and Data Mining 2001},
  year = 2001,
  pages = {323--328},
}

@article{von07tutorial,
  title={{A tutorial on spectral clustering}},
  author={Ulrike von Luxburg},
  journal={Statistics and Computing},
  volume={17},
  number={4},
  pages={395--416},
  issn={0960-3174},
  year={2007},
  publisher={Springer}
}

@inproceedings{manandhar09semeval,
  author = {Suresh Manandhar and Ioannis P. Klapaftis}, 
  title = {Sem{E}val-2010 {T}ask 14: {E}valuation {S}etting for {W}ord {S}ense {I}nduction \& {D}isambiguation {S}ystems},
  booktitle = {{NAACL-HLT} 2009 {W}orkshop on {S}emantic {E}valuations: {R}ecent {A}chievements and {F}uture {D}irections},
  location = {Boulder, Colorado, {USA}},
  year =2009,
}

@conference{manandhar10semeval,
  title={{SemEval-2010 task 14: Word sense induction \& disambiguation}},
  author={Suresh Manandhar and Ioannis P. Klapaftis and Dmitriy Dligach and Sameer S. Pradhan},
  booktitle={Proceedings of the 5th International Workshop on Semantic Evaluation},
  pages={63--68},
  year={2010},
  organization={Association for Computational Linguistics}
}


@unpublished{mccallum02mallet,
      author = "Andrew Kachites McCallum",
      title = "MALLET: A Machine Learning for Language Toolkit",
      note = "http://mallet.cs.umass.edu",
      year = 2002
}

@article{mccarthy06relating,
  title={{Relating WordNet senses for word sense disambiguation}},
  author={Diana McCarthy},
  journal={Making Sense of Sense: Bringing Psycholinguistics and Computational Linguistics Together},
  pages={17},
  year={2006}
}

@article{navigli09word,
  author = {Roberto Navigli},
  title = {Word Sense Disambiguation: a Survey},
  journal = {ACM Computing Surveys},
  volume = 41,
  number = 2, 
  year = 2009,
  pages={1--69},
}

@inproceedings{navigli10inducing,
  title={Inducing word senses to improve web search result clustering},
  author={Roberto Navigli and Giuseppe Crisafulli},
  booktitle={Proceedings of the 2010 Conference on Empirical Methods in Natural Language Processing},
  pages={116--126},
  year={2010},
  organization={Association for Computational Linguistics}
}

@mastersthesis{neill02fully,
  author = {Daniel B. Neill},
  title = {Fully Automatic Word Sense Induction by Semantic Clustering},
  school = {Cambridge University},
  year = 2002,
}

@conference{ng01spectral,
  title={{On spectral clustering: Analysis and an algorithm}},
  author={Andrew Ng and Michael Jordan and Yair Weiss},
  booktitle={Advances in Neural Information Processing Systems 14: Proceeding of the 2001 Conference},
  pages={849--856},
  year={2001}
}

@conference{nivre06maltparser,
  title={{MaltParser: A data-driven parser-generator for dependency parsing}},
  author={Joakim Nivre and Johan Hall and Jens Nilsson},
  booktitle={Proceedings of LREC},
  year={2006},
  pages={2216--2219},
}

@article{pado07dependency,
  author = {Sebastian Pad\'{o} and Mirella Lapata},
  title = {Dependency-{B}ased {C}onstruction of {S}emantic {S}pace {M}odels},
  journal = {Computational Linguistics},
  volume = {33},
  number = {2},
  year = {2007},
  pages = {161--199},
  publisher = {MIT Press},
  address = {Cambridge, MA, USA},
}

@article{palmer07making,
  title={{Making fine-grained and coarse-grained sense distinctions, both manually and automatically}},
  author={Martha Palmer and Hoa Trang Dang and Christiane Fellbaum},
  journal={Natural Language Engineering},
  volume={13},
  number={02},
  pages={137--163},
  year={2007},
}

@inproceedings{pantel02discovering,
  author = {Patrick Pantel and Dekang Lin},
  year = 2002,
  title = {Discovering Word Senses from Text},
  booktitle = {Proceedings of ACM Conference on Knowledge Discovery and Data Mining (KDD-02)},
  pages = {613--619},
}

@inproceedings{pedersen97distinguishing,
  author = {Ted Pedersen and Rebecca Bruce},
  title = {Distinguishing word senses in untagged text},
  booktitle = {Proceedings of the Second Conference on Empirical Methods in Natural Language Processing},
  year = 1997,
  pages = {197--207},
  location = {Providence, RI},
  month = {August},
}

@inproceedings{pedersen04wordnet,
  title={WordNet:: Similarity: measuring the relatedness of concepts},
  author={Ted Pedersen and Siddharth Patwardhan and Jason Michelizzi},
  booktitle={Demonstration Papers at HLT-NAACL 2004 on XX},
  pages={38--41},
  year={2004},
  organization={Association for Computational Linguistics}
}

@inproceedings{pedersen06automaticcluster,
  author = {Ted Pedersen and Anagha Kulkarni},
  title = {Automatic cluster stopping with criterion functions and the
    Gap Statistic},
  booktitle = {In Proceedings of the Demo Session of HLT/NAACL},
  year = {2006},
  pages = {276--279}
}

@incollection{pedersen06unsupervised,
  author = {Ted Pedersen}, 
  title = {Unsupervised {C}orpus-{B}ased {M}ethods for {WSD}},
  editor = {E. Agirre and P. Edmonds}, 
  booktitle = {Word Sense Disambiguation: Algorithms and applications},
  publiser = {Springer},
  year = 2006,
}

@inproceedings{pedersen10duluth,
  author = {Ted Pedersen},
  title = {{Duluth-WSI: SenseClusters Applied to the Sense Induction Task of SemEval-2}},
  booktitle = {Proceedings of the SemEval 2010 Workshop : the 5th International Workshop on Semantic Evaluations},
  month = {July},
  date = {15--16},
  year = 2010,
  pages = {363--366},
  location = {Uppsala, Sweden},
}

@inproceedings{peirsman08size,
  title={{Size matters. Tight and loose context definitions in English word space models}},
  author={Yves Peirsman and Kris Heylen and Dirk Geeraerts},
  booktitle={{ESSLLI Workshop on Distributional Lexical Semantics}},
  pages={34--41},
  year = 2008,
}

@inproceedings{purandare04discriminating,
  author = {Amruta Purandare and Ted Petersen},
  title = {Discriminating Among Word Meanings by Identifying Similar Contexts},
  booktitle = {Proceedings of the Nineteenth National Conference on Artificial Intelligence (AAAI-04)},
  year = 2004,
  pages = {964--965},
}  

@inproceedings{purandare04word,
  author = {Amruta Purandare and Ted Pedersen},
  booktitle = {HLT-NAACL 2004 Workshop: Eighth Conference on Computational Natural Language Learning (CoNLL-2004)},
  pages = {41--48},
  publisher = {Association for Computational Linguistics},
  title = {Word Sense Discrimination by Clustering Contexts in Vector and Similarity Spaces},
  year = {2004}
}

@inproceedings{rapp03word,
  author = {Reinhard Rapp},
  year = 2003,
  title = {Word sense discovery based on sense descriptor dissimilarity},
  booktitle = {Ninth Machine Translation Summit},
  address = {New Orleans},
  pages = {315--322},
}

@inproceedings{rosenberg07vmeasure,
  author = {Andrew Rosenberg and Julia Hirschberg},
  title = {V-Measure: A Conditional Entropy-Based External Cluster Evaluation Measure},
  booktitle = {Proceedings of the 2007 Joint Conference on Empirical Methods in Natural Language Processing and Computational Natural Language Learning (EMNLP-CoNLL)},
  location = {Prague, Czech Republic},
  month = {June},
  year = 2007,
  publisher = {A{C}{L}},
} 

@inproceedings{sahlgren08permutations,
  author = {Magnus Sahlgren and Anders Holst and Pentti Kanerva}, 
  year = 2008,
  title = {Permutations as a Means to Encode Order in Word Space},
  booktitle = {Proceedings of the 30th Annual Meeting of the Cognitive Science Society (CogSci'08)},
  location = {Washington D.C., USA},
}

@inproceedings{schmid94probabilistic,
  author = {Helmut Schmid},
  title = {Probabilistic part-of-speech tagging using decision trees},
  booktitle = {Proceedings of the International Conference on New Methods in Language Processing},
  year = 1994,
}

@article{schulte06experiments,
  title = {Experiments on the Automatic Induction of German Semantic Verb Classes},
  author = {Schulte im Walde, Sabine},
  journal = {Computational Linguistics},
  year = {2006},
  volume = 32,
  number = 2,
}

@inbook{schutze92context,
  author = {Hinrich Sch\"{u}tze},
  title = {Context Space},
  booktitle = {Working Notes of the AAAI Fall Symposium on Probabilistic Approaches to Natural Language},
  editor = {Robert Goldman and Peter Norvig and Eugene Charniak and Bill Gale},
  year = {1992},
  publisher = {AAAI Press},
  address = {Menlo Park, CA},
  pages = {113--120},
}

@article{schutze98automatic,
  author = {Hinrich Sch\"{u}tze},
  title = {Automatic Word Sense Discrimination},
  journal = {Computational Linguistics},
  year = {1998},
  volume = 24,
  number = 1,
  pages = {97--123},
}

@article{tibshirani00estimating,
  author = {Robert Tibshirani and Guenther Walther and Trevor Hastie},
  title = {Estimating the number of clusters in a dataset via the Gap statistic},
  journal = {Journal Royal Statistics Society B},
  year = {2000},
  volume = {63},
  pages = {411--423}
}

@article{toutanova03feature,
  author = {Kristina Toutanova and Dan Klein and Christopher Manning and Yoram Singer},
  year = 2003,
  title = {Feature-Rich Part-of-Speech Tagging with a Cyclic Dependency Network},
  booktitle = {Proceedings of HLT-NAACL 2003},
  pages = {252--259},
}


@article{turney10frequency,
  title={{From Frequency to Meaning: Vector Space Models of Semantics}},
  author={Peter D. Turney and Patrick Pantel},
  journal={Journal of Artificial Intelligence Research},
  volume={37},
  pages={141--188},
  year={2010}
}

@inproceedings{utsumi10exploring,
  title={{Exploring the Relationship between Semantic Spaces and Semantic Relations}},
  author={Akira Utsumi},
  booktitle = {{Proceedings of the 7th International Conference on Language Resources and Evaluation (LREC'2010)}},
  pages = {257--262},
  year = 2010,
}

@article{zelnik04self,
  title={{Self-tuning spectral clustering}},
  author={Lihi Zelnik-Manor and Pietro Perona},
  journal={Advances in neural information processing systems},
  volume={17},
  number={1601-1608},
  pages={16},
  year={2004},
  publisher={Citeseer}
}

@TECHREPORT{zhao02criterionfunctions,
 author = {Ying Zhao and George Karypis},
 title = {Criterion Functions for Document Clustering: Experiments and
          Analysis},
 institution = {University of Minnesota},
 number={UMN CS 01-040},
 year = {2001}
}

@article{zhang05improving,
  journal = {Neural Processing Letters},
  title = {Improving the Robustness of â€˜Online Agglomerative Clustering Methodâ€™ Based on Kernel-Induce Distance Measures},
  volume = 21,
  issue = 1,
  pages = {45 -- 51},
  year = 2005,
  author = {Daoqiang Zhang and Songcan Chen and Keren Tan},
}

@inproceedings{zhao02clustering,
 author = {Zhao, Ying and Karypis, George},
 title = {Evaluation of hierarchical clustering algorithms for document datasets},
 booktitle = {CIKM '02: Proceedings of the eleventh international conference on Information and knowledge management},
 year = {2002},
 isbn = {1-58113-492-4},
 pages = {515--524},
 location = {McLean, Virginia, USA},
 doi = {http://doi.acm.org/10.1145/584792.584877},
 publisher = {ACM},
 address = {New York, NY, USA},
}

@article{zhao05hierarchical,
  author = {Ying Zhao and George Karypis},
  year = 2005,
  title = {Hierarchical clustering algorithms for document datasets},
  journal = {Data Mining and Knowledge Discovery},
  volume = 10,
  number = 2,
  pages = {141â€“-168},
}
